@article{钱锦2021基于多任务学习的生成式阅读理解,
  title={基于多任务学习的生成式阅读理解},
  author={钱锦 and 黄荣涛 and 邹博伟 and 洪宇},
  journal={中文信息学报},
  volume={35},
  number={12},
  pages={103--111},
  year={2021}
}

@online{kexuefm-7115,
        title={万能的seq2seq：基于seq2seq的阅读理解问答},
        author={苏剑林},
        year={2019},
        month={Dec},
        url={\url{https://kexue.fm/archives/7115}},
}